@article{r1,
  title     = {Prediction of dengue incidents using hospitalized patients, metrological and socio-economic data in Bangladesh: A machine learning approach},
  author    = {Dey, Samrat Kumar and Rahman, Md Mahbubur and Howlader, Arpita and Siddiqi, Umme Raihan and Uddin, Khandaker Mohammad Mohi and Borhan, Rownak and Rahman, Elias Ur},
  journal   = {PloS one},
  volume    = {17},
  number    = {7},
  pages     = {e0270933},
  year      = {2022},
  publisher = {Public Library of Science San Francisco, CA USA}
}

@article{r2,
  title     = {The practicality of Malaysia dengue outbreak forecasting model as an early warning system},
  author    = {Ismail, Suzilah and Fildes, Robert and Ahmad, Rohani and Ali, Wan Najdah Wan Mohamad and Omar, Topek},
  journal   = {Infectious Disease Modelling},
  volume    = {7},
  number    = {3},
  pages     = {510--525},
  year      = {2022},
  publisher = {Elsevier}
}


