@article{daudon2018recurrence,
  title     = {Recurrence rates of urinary calculi according to stone composition and morphology},
  author    = {Daudon, Michel and Jungers, Paul and Bazin, Dominique and Williams, James C},
  journal   = {Urolithiasis},
  volume    = {46},
  number    = {5},
  pages     = {459--470},
  year      = {2018},
  publisher = {Springer}
}

@phdthesis{r1,
  title  = {An Elevator control system using microcontroller},
  author = {Mohammed, Abdullah Abdalmonem Abdullah and Alasha, Hamadnallah Gaber Hamadnallah and Essoi, Mohammed Fadoul Alkreem Ahmed and Hassan, Mohammed Towfeg Abdulraheim and Superviser, Awadalla Taifour Ali},
  year   = {2020},
  school = {Sudan University Of Science \& Technology}
}

@article{r2,
  title     = {Design and Implementation of a Prototype of Elevator Control System: Experimental Work},
  author    = {Sharkawy, Abdel-Nasser and Abdel-Jaber, Gamal T},
  journal   = {SVU-International Journal of Engineering Sciences and Applications},
  volume    = {3},
  number    = {2},
  pages     = {80--86},
  year      = {2022},
  publisher = {South Valley University, Faculty of Engineering}
}
